@inproceedings{wei-zou-2019-eda,
	title = "{EDA}: Easy Data Augmentation Techniques for Boosting Performance on Text Classification Tasks",
	author = "Wei, Jason  and
	Zou, Kai",
	booktitle = "Proceedings of the 2019 Conference on Empirical Methods in Natural Language Processing and the 9th International Joint Conference on Natural Language Processing (EMNLP-IJCNLP)",
	month = nov,
	year = "2019",
	address = "Hong Kong, China",
	publisher = "Association for Computational Linguistics",
	url = "https://www.aclweb.org/anthology/D19-1670",
	pages = "6383--6389",
}

@inproceedings{consentomatic,
	title = "{EDA}: Easy Data Augmentation Techniques for Boosting Performance on Text Classification Tasks",
	author = "Wei, Jason  and
	Zou, Kai",
	booktitle = "Proceedings of the 2019 Conference on Empirical Methods in Natural Language Processing and the 9th International Joint Conference on Natural Language Processing (EMNLP-IJCNLP)",
	month = nov,
	year = "2019",
	address = "Hong Kong, China",
	publisher = "Association for Computational Linguistics",
	url = "https://www.aclweb.org/anthology/D19-1670",
	pages = "6383--6389",
}